<record><leader>00000cas a22000007a 4500</leader><controlfield tag="001">11293514</controlfield><controlfield tag="008">841022d18841893nhuwr ne      0    0eng d</controlfield><datafield ind1=" " ind2=" " tag="010"><subfield code="a">sn 84024875 </subfield></datafield><datafield ind1=" " ind2=" " tag="040"><subfield code="a">NPV</subfield><subfield code="b">eng</subfield><subfield code="c">NPV</subfield><subfield code="d">NPU</subfield><subfield code="d">NVH</subfield><subfield code="d">OCLCQ</subfield></datafield><datafield ind1=" " ind2=" " tag="042"><subfield code="a">msc</subfield></datafield><datafield ind1=" " ind2=" " tag="043"><subfield code="a">n-us-nh</subfield></datafield><datafield ind1="0" ind2=" " tag="130"><subfield code="a">Great Falls free press (Somersworth, N.H. : 1884)</subfield></datafield><datafield ind1="1" ind2="4" tag="245"><subfield code="a">The Great Falls free press.</subfield></datafield><datafield ind1=" " ind2=" " tag="260"><subfield code="a">Great Falls [Somersworth], N.H. :</subfield><subfield code="b">Chris H. Wells</subfield></datafield><datafield ind1=" " ind2=" " tag="300"><subfield code="a">v.</subfield></datafield><datafield ind1=" " ind2=" " tag="310"><subfield code="a">Weekly</subfield></datafield><datafield ind1="0" ind2=" " tag="362"><subfield code="a">Vol. 19, no. 1 (Dec. 26, 1884)-v. 27, no. 7 (Feb. 17, 1893).</subfield></datafield><datafield ind1=" " ind2=" " tag="752"><subfield code="a">United States</subfield><subfield code="b">New Hampshire</subfield><subfield code="c">Strafford</subfield><subfield code="d">Somersworth.</subfield></datafield><datafield ind1=" " ind2=" " tag="752"><subfield code="a">United States</subfield><subfield code="b">New Hampshire</subfield><subfield code="c">Strafford</subfield><subfield code="d">Great Falls.</subfield></datafield><datafield ind1="0" ind2="0" tag="780"><subfield code="t">Free press and journal</subfield><subfield code="w">(DLC)sn 84024874</subfield></datafield><datafield ind1="0" ind2="0" tag="785"><subfield code="t">Somersworth free press (Somersworth, N.H. : 1893)</subfield><subfield code="w">(DLC)sn 84020610</subfield></datafield></record>